@book{sammut_encyclopedia_2010,
	address = {New York; London},
	title = {Encyclopedia of machine learning},
	isbn = {978-0-387-30768-8},
	publisher = {Springer},
	editor = {Sammut, Claude and Webb, Geoffrey I.},
	year = {2010},
	keywords = {Machine learning, Encyclopedias},
}

@article{linden_smith_york_2003,
  author = {Linden, Greg and Smith, B. and York, J.},
  year = {2003},
  month = {02},
  pages = {76 - 80},
  title = {Amazon.com recommendations: item-to-item collaborative filtering},
  volume = {7},
  journal = {Internet Computing, IEEE},
  doi = {10.1109/MIC.2003.1167344}
}
